@InProceedings{chen-rosu-2019-lics,
  author = "Chen, Xiaohong and Ro\c{s}u, Grigore",
  booktitle = "Proceedings of the 34\textsuperscript{th} Annual ACM/IEEE Symposium on Logic in Computer Science (LICS'19)",
  year = "2019",
  title = "Matching mu-Logic"
}

@Article{matching-logic-17,
  author  = {Ro\c{s}u, Grigore},
  title   = {Matching logic},
  journal = {Logical Methods in Computer Science},
  year    = {2017},
  volume  = {13},
  number  = {4},
  pages   = {1--61},
  doi     = {10.23638/lmcs-13(4:28)2017},
  file    = {:Matching logic.pdf:PDF},
}

@Book{Goe92,
	title     = {On formally undecidable propositions of principia Mathematica and related systems},
	publisher = {Courier corporation},
	year      = {1992},
	author    = {G{\"o}del, Kurt},
}

@InProceedings{Koz82,
	author    = {Kozen, Dexter},
	title     = {Results on the propositional $\mu$-calculus},
	booktitle = {Proceedings of the 9\textsuperscript{th} International Colloquium on Automata, Languages and Programming (ICALP'82)},
	year      = {1982},
	pages     = {348--359},
	publisher = {Springer},
	abstract  = {We define a propositional version of the $\Mu$-calculus, and give an exponential-time decision procedure, small model property, and complete deductive system. We also show that it is strictly more expressive than PDL. Finally, we give an algebraic semantics and prove a representation theorem.},
	doi       = {10.1007/BFb0012782},
	isbn      = {978-3-540-39308-5},
}

@Book{FJ06,
	title     = {Algebra, meaning, and computation},
	publisher = {Springer},
	year      = {2006},
	editor    = {Futatsugi, Kokichi and Jouannaud, Jean-Pierre and Meseguer, Jos{\'{e}}},
	volume    = {4060},
	series    = {Theoretical Computer Science and General Issues},
	edition   = {First},
	doi       = {10.1007/11780274},
}

@InProceedings{DBLP:conf/tacas/MouraB08,
	author    = {Leonardo Mendon\c{c}a de Moura and
	Nikolaj Bj{\o}rner},
	title     = {Z3: An Efficient {SMT} Solver},
	booktitle = {TACAS},
	year      = {2008},
	volume    = {4963},
	series    = {LNCS},
	pages = {337--340},
	ee        = {http://dx.doi.org/10.1007/978-3-540-78800-3_24},
	bibsource = {DBLP, http://dblp.uni-trier.de}
}

@InProceedings{KEVM,
	author   = {Everett Hildenbrandt and Manasvi Saxena and Xiaoran Zhu and Nishant Rodrigues and Dwight Guth and Philip Daian and Grigore Ro\c{s}u},
	title    = {KEVM: A Complete Semantics of the Ethereum Virtual Machine},
}

@InProceedings{Clarke2004ATF,
	title={A Tool for Checking ANSI-C Programs},
	author={Edmund M. Clarke and Daniel Kroening and Flavio Lerda},
	booktitle={TACAS},
	year={2004}
}

@InProceedings {corral-a-solver-for-reachability-modulo-theories-2,
	author = {Lal, Akash and Qadeer, Shaz and Lahiri, Shuvendu},
	title = {Corral: A Solver for Reachability Modulo Theories},
	booktitle = {Computer-Aided Verification (CAV)},
	year = {2012},
	month = {July},
	url = {https://www.microsoft.com/en-us/research/publication/corral-a-solver-for-reachability-modulo-theories-2/},
	edition = {Computer-Aided Verification (CAV)},
}

@Article{MaudePOR,
	author = {Farzan, Azadeh and Meseguer, Jose},
	year = {2007},
	month = {07},
	pages = {},
	title = {Partial Order Reduction for Rewriting Semantics of Programming Languages},
	volume = {176},
	journal = {Electronic Notes in Theoretical Computer Science},
	doi = {10.1016/j.entcs.2007.06.008}
}

@Article{Alur:2001:PRS:375503.375505,
	author = {Alur, R. and Brayton, R. K. and Henzinger, T. A. and Qadeer, S. and Rajamani, S. K.},
	title = {Partial-Order Reduction in Symbolic State-Space Exploration},
	journal = {Form. Methods Syst. Des.},
	issue_date = {March 1, 2001},
	volume = {18},
	number = {2},
	month = mar,
	year = {2001},
	issn = {0925-9856},
	pages = {97--116},
	numpages = {20},
	url = {https://doi.org/10.1023/A:1008767206905},
	doi = {10.1023/A:1008767206905},
	acmid = {375505},
	publisher = {Kluwer Academic Publishers},
	address = {Norwell, MA, USA},
	keywords = {binary decision diagrams, hardware verification, partial-order reduction, software verification, symbolic model checking},
}

@InProceedings{Flanagan:2005:DPR:1040305.1040315,
	author = {Flanagan, Cormac and Godefroid, Patrice},
	title = {Dynamic Partial-order Reduction for Model Checking Software},
	booktitle = {Proceedings of the 32Nd ACM SIGPLAN-SIGACT Symposium on Principles of Programming Languages},
	series = {POPL '05},
	year = {2005},
	isbn = {1-58113-830-X},
	location = {Long Beach, California, USA},
	pages = {110--121},
	numpages = {12},
	url = {http://doi.acm.org/10.1145/1040305.1040315},
	doi = {10.1145/1040305.1040315},
	acmid = {1040315},
	publisher = {ACM},
	address = {New York, NY, USA},
	keywords = {partial-order reduction, software model checking},
}

@InProceedings{ChenAndRosuTowardsMOP03,
	title={Towards Monitoring-Oriented Programming: A paradigm combining specification and implementation},
	author={Chen, Feng and Ro{\c{s}}u, Grigore},
	LONGbooktitle={Runtime Verification},
	booktitle={RV},
	LONGpages={108--127},
	year={2003},
}

@InProceedings{BoddenMOPBOxRV11,
	author    = {Eric Bodden},
	title     = {{MOPBox}: {A} Library Approach to Runtime Verification},
	LONGbooktitle = {Runtime Verification - Second International Conference, {RV} 2011,
	San Francisco, CA, USA, September 27-30, 2011, Revised Selected Papers},
	booktitle = {RV Tool Demo},
	LONGpages     = {365--369},
	year      = {2011},
}

@InProceedings{JinEtAlJavaMOPToolPaperICSE12,
	author = "Jin, Dongyun and Meredith, Patrick O'Neil and Lee, Choonghwan and Ro\c{s}u, Grigore",
	title = "{JavaMOP}: Efficient Parametric Runtime Monitoring Framework",
	LONGbooktitle = "Proceeding of the 34th International Conference on Software Engineering (ICSE'12)",
	booktitle = "ICSE Demo",
	LONGmonth = "June",
	year = "2012",
	LONGpages = "1427--1430"
}

@InProceedings{BoddenEtAlTraceMatches07,
	author="Bodden, Eric and Hendren, Laurie and Lam, Patrick and Lhot{\'a}k, Ond{\v{r}}ej and Naeem, Nomair A.",
	title="Collaborative Runtime Verification with {T}racematches",
	LONGbooktitle="Runtime Verification: 7th International Workshop, RV 2007, Vancover, Canada, March 13, 2007, Revised Selected Papers",
	booktitle="RV",
	year="2007",
	LONGpages="22--37",
}

@InProceedings{DwyerETALOptimizing2010,
	author="Dwyer, Matthew B. and Purandare, Rahul and Person, Suzette",
	title="Runtime Verification in Context: Can Optimizing Error Detection Improve Fault Diagnosis?",
	LONGbooktitle="Runtime Verification: First International Conference, RV 2010, St. Julians, Malta, November 1-4, 2010. Proceedings",
	booktitle = "RV",
	year="2010",
	LONGpages="36--50",
}

@InProceedings{RuleBasedMOP,
	title={Rule systems for run-time monitoring: from {E}agle to {R}ule{R}},
	author={Barringer, Howard and Rydeheard, David and Havelund, Klaus},
	LONGbooktitle={Runtime Verification},
	booktitle={R{V}},
	LONGpages={111--125},
	year={2007},
	LONGorganization={Springer}
}

@InProceedings{HavelundRosuASE2001MonitoringProgramsUsingRewriting,
	author    = {Klaus Havelund and Grigore Rosu},
	title     = {Monitoring Programs Using Rewriting},
	LONGbooktitle = {16th {IEEE} International Conference on Automated Software Engineering {(ASE} 2001), 26-29 November 2001, Coronado Island, San Diego, CA,{USA}},
	booktitle = {ASE},
	LONGpages     = {135--143},
	year      = {2001},
}

@InProceedings{HavelundRosuRV2001JPAX,
	author    = {Klaus Havelund and Grigore Rosu},
	title     = {Monitoring Java Programs with Java PathExplorer},
	booktitle = {RV},
	LONGpages     = {200--217},
	year      = {2001},
}

@InProceedings{PurandareEtAlCompactionISSTA2013,
	author = {Purandare, Rahul and Dwyer, Matthew B. and Elbaum, Sebastian},
	title = {Optimizing Monitoring of Finite State Properties Through Monitor Compaction},
	LONGbooktitle = {Proceedings of the 2013 International Symposium on Software Testing and Analysis},
	booktitle = {ISSTA},
	year = {2013},
	LONGpages = {280--290},
}

@InProceedings{JinEtAlGarbageCollectionPLDI2011,
	author={Dongyun Jin and Patrick O'Neil Meredith and Dennis Griffith and Grigore Ro\c{s}u},
	title={Garbage Collection for Monitoring Parametric Properties},
	LONGbooktitle={Programming Language Design and Implementation (PLDI'11)},
	booktitle={PLDI},
	year={2011},
	LONGpages={415--424}
}

@InProceedings{DeckerETALTACAS2016MonitoringWithUnionFind,
	author="Decker, Normann and Harder, Jannis and Scheffel, Torben and Schmitz, Malteand Thoma, Daniel",
	title="Runtime Monitoring with Union-Find Structures",
	LONGbooktitle="Tools and Algorithms for the Construction and Analysis of Systems",
	booktitle="TACAS",
	year="2016",
	LONGpages="868--884",
}

@InProceedings{LuoETAlRVMonitor14,
	title={R{V}-{M}onitor: Efficient Parametric Runtime Verification with Simultaneous Properties},
	author={Luo, Qingzhou and Zhang, Yi and Lee, Choonghwan and Jin, Dongyun and Meredith, Patrick Oâ€™Neil and {\c{S}}erb{\u{a}}nu{\c{t}}{\u{a}}, Traian Florin and Ro{\c{s}}u, Grigore},
	LONGbooktitle={Runtime Verification},
	booktitle={RV},
	LONGpages={285--300},
	year={2014}
}

@InProceedings{PurandareEtAlStutterEquivalentLoops2010,
	author = {Purandare, Rahul and Dwyer, Matthew B. and Elbaum, Sebastian},
	title = {Monitor Optimization via Stutter-equivalent Loop Transformation},
	booktitle = {OOPSLA},
	year = {2010},
	LONGpages = {270--285},
}

@InProceedings{MeredithRosuMonitoringStringRewritingASE13 ,
	author = "Meredith, Patrick and Ro\c{s}u, Grigore",
	title = "Efficient Parametric Runtime Verification with Deterministic String Rewriting",
	LONGbooktitle = "Proceedings of 28th IEEE/ACM International Conference. Automated Software Engineering (ASE'13)",
	booktitle = "ASE",
	year = "2013",
	LONGpages = "70-80"
}

@InProceedings{MeredithETALMOPContextFreePatterns08,
	author={Meredith, P.O. and Dongyun Jin and Feng Chen and Ro\c{s}u, G.},
	LONGbooktitle={Automated Software Engineering, 2008. ASE 2008. 23rd IEEE/ACM International Conference on},
	booktitle={ASE},
	title={Efficient Monitoring of Parametric Context-Free Patterns},
	year={2008},
	LONGpages={148-157},
}

@Article{BarringerETALJLC2010EagleToRuler,
	author = {Barringer, Howard and Rydeheard, David and Havelund, Klaus},
	title = {Rule Systems for Run-time Monitoring: from {Eagle} to {RuleR}},
	LONGjournal = {Journal of Logic and Computation},
	journal = {JLC},
	volume = {20},
	number = {3},
	LONGpages = {675-706},
	year = {2010},
}

@InProceedings{HavelundETALFMCAD2017MonitoringWithBDDs,
	author    = {Klaus Havelund and
	Doron Peled and
	Dogan Ulus},
	title     = {First order temporal logic monitoring with {BDD}s},
	LONGbooktitle = {2017 Formal Methods in Computer Aided Design, {FMCAD} 2017, Vienna,
	Austria, October 2-6, 2017},
	booktitle = {FMCAD},
	LONGpages     = {116--123},
	year      = {2017},
}

@InProceedings{LegunsenEtAleMOP15,
	author={Legunsen, O. and Marinov, D. and Ro\c{s}u, G.},
	booktitle={ICSE NIER},
	LONGbooktitle={Software Engineering (ICSE), 2015 IEEE/ACM 37th IEEE International Conference on},
	title={{Evolution-aware monitoring-oriented programming}},
	year={2015},
	LONGvolume={2},
	LONGpages={615-618},
	LONGmonth={May},
}

@InProceedings{huang-erdogan-zhang-moore-luo-sundaresan-rosu-2014-rvtool,
	author = "Huang, Jeff and Erdogan, Cansu and Zhang, Yi and Moore, Brandon and Luo, Qingzhou and Sundaresan, Aravind and Rosu, Grigore",
	publisher = "Springer International Publishing",
	doi = "http://dx.doi.org/10.1007/978-3-319-11164-3_20",
	title = "ROSRV: Runtime Verification for Robots",
	series = "LNCS",
	booktitle = "Proceedings of the 14th International Conference on Runtime Verification",
	month = "September",
	volume = "8734",
	year = "2014",
	pages = "247-254"
}

@InProceedings{sen-rosu-agha-2003-asian,
	author = "Sen, Koushik and Rosu, Grigore and Agha, Gul",
	publisher = "Springer-Verlag",
	doi = "http://dx.doi.org/10.1007/978-3-540-40965-6_17",
	title = "Generating Optimal Linear Temporal Logic Monitors by Coinduction",
	series = "Lecture Notes in Computer Science (LNCS)",
	booktitle = "Proceedings of the 8th Asian Computing Science Conference (ASIAN'03)",
	month = "December",
	volume = "2896",
	year = "2003",
	pages = "260-275"
}

@InProceedings{sen-rosu-2003-rv,
	author = "Sen, Koushik and Rosu, Grigore",
	publisher = "Elsevier",
	doi = "http://dx.doi.org/10.1016/S1571-0661(04)81051-X",
	title = "Generating Optimal Monitors for Extended Regular Expressions",
	series = "Electronic Notes in Theoretical Computer Science",
	booktitle = "Proceedings of 3rd International Workshop on Runtime Verification (RV'03)",
	month = "June",
	volume = "89(2)",
	year = "2003",
	pages = "226-245"
}

@InProceedings{boogie,
	author = {Barnett, Mike and Chang, Bor-Yuh Evan and DeLine, Robert and Jacobs, Bart and Leino, K. Rustan M.},
	title = {Boogie: A Modular Reusable Verifier for Object-oriented Programs},
	booktitle = {Proceedings of the 4th International Conference on Formal Methods for Components and Objects (FMCO'05)},
	year = {2006},
	pages = {364--387},
	volume={4111},
	series={LNCS},
}

@InProceedings{DBLP:conf/tphol/CohenDHLMSST09,
	author    = {Ernie Cohen and
	Markus Dahlweid and
	Mark A. Hillebrand and
	Dirk Leinenbach and
	Michal Moskal and
	Thomas Santen and
	Wolfram Schulte and
	Stephan Tobies},
	title     = {{VCC:} {A} Practical System for Verifying Concurrent {C}},
	booktitle = {TPHOLs},
	year      = {2009},
	pages     = {23--42},
	series    = {LNCS},
	volume    = {5674},
	biburl    = {http://dblp.uni-trier.de/rec/bib/conf/tphol/CohenDHLMSST09},
	bibsource = {dblp computer science bibliography, http://dblp.org}
}

@InProceedings{Havoc,
	author    = {Shuvendu K. Lahiri and
	Shaz Qadeer},
	title     = {Verifying properties of well-founded linked lists},
	booktitle = {POPL},
	year      = {2006},
	pages     = {115-126},
	ee        = {http://doi.acm.org/10.1145/1111037.1111048},
	bibsource = {DBLP, http://dblp.uni-trier.de}
}

@InProceedings{DBLP:conf/lpar/Leino10,
	author    = {K. Rustan M. Leino},
	title     = {Dafny: An Automatic Program Verifier for Functional Correctness},
	booktitle = {LPAR},
	year      = {2010},
	pages     = {348-370},
	ee        = {http://dx.doi.org/10.1007/978-3-642-17511-4_20},
	bibsource = {DBLP, http://dblp.uni-trier.de}
}

@InProceedings{DBLP:conf/pldi/PekQM14,
	author    = {Edgar Pek and
	Xiaokang Qiu and
	P. Madhusudan},
	title     = {Natural proofs for data structure manipulation in {C} using separation
	logic},
	booktitle = {PLDI},
	pages = {440--451},
	year      = {2014},
	publisher = {ACM},
}

@InProceedings{rosu-stefanescu-2012-icalp,
	author    = {Ro\c{s}u, Grigore and \c{S}tef\u{a}nescu, Andrei},
	title     = {Towards a Unified Theory of Operational and Axiomatic Semantics},
	booktitle = {ICALP},
	year      = {2012},
	pages     = {351-363},
	series    = {LNCS},
	volume    = {7392},
}

@InProceedings{rosu-stefanescu-2012-fm,
	author    = {Ro\c{s}u, Grigore and \c{S}tef\u{a}nescu, Andrei},
	title     = {From {H}oare Logic to Matching Logic Reachability},
	booktitle = {FM},
	year      = {2012},
	series    = {LNCS},
	volume={7436},
	pages={387-402},
}

@InProceedings{rosu-stefanescu-2012-oopsla,
	author    = {Ro\c{s}u, Grigore and \c{S}tef\u{a}nescu, Andrei},
	title     = {Checking Reachability using Matching Logic},
	booktitle = {OOPSLA},
	pages     = {555-574},
	year      = {2012},
	publisher = {ACM},
	ee        = {http://doi.acm.org/10.1145/2384616.2384656},
}

@InProceedings{rosu-stefanescu-ciobaca-moore-2013-lics,
	author = "Ro\c{s}u, Grigore and \c{S}tef\u{a}nescu, Andrei and Ciob\^{a}c\u{a}, Stefan and Moore, Brandon M.",
	publisher = "IEEE",
	booktitle = "LICS",
	pages = {358--367},
	year = "2013",
	title = "One-Path Reachability Logic",
}

@InProceedings{stefanescu-ciobaca-mereuta-moore-serbanuta-rosu-2014-rta,
	author = "\c{S}tef\u{a}nescu, Andrei and Ciob\^{a}c\u{a}, Stefan and Mereu\c{t}\u{a}, Radu and Moore, Brandon M. and \c{S}erb\u{a}nu\c{t}\u{a}, Traian Florin and Ro\c{s}u, Grigore",
	title = "All-Path Reachability Logic",
	series = "LNCS",
	booktitle = {RTA},
	month = "July",
	volume = "8560",
	year = "2014",
	pages = "425-440"
}

@Book{Clarke:2000:MC:332656,
	author = {Clarke,Jr., Edmund M. and Grumberg, Orna and Peled, Doron A.},
	title = {Model Checking},
	year = {1999},
	isbn = {0-262-03270-8},
	publisher = {MIT Press},
	address = {Cambridge, MA, USA},
}

@InProceedings{ESBMC,
	author={L. {Cordeiro} and B. {Fischer} and J. {Marques-Silva}},
	booktitle={2009 IEEE/ACM International Conference on Automated Software Engineering},
	title={SMT-Based Bounded Model Checking for Embedded ANSI-C Software},
	year={2009},
	volume={},
	number={},
	pages={137-148},
	doi={10.1109/ASE.2009.63},
	ISSN={1938-4300},
	month={Nov},
}

@InProceedings{DBLP:conf/popl/XieA05,
	author    = {Yichen Xie and
	Alexander Aiken},
	title     = {Scalable error detection using boolean satisfiability},
	booktitle = {Proceedings of the 32nd {ACM} {SIGPLAN-SIGACT} Symposium on Principles
	of Programming Languages, {POPL} 2005, Long Beach, California, USA,
	January 12-14, 2005},
	pages     = {351--363},
	year      = {2005},
	url       = {https://doi.org/10.1145/1040305.1040334},
	doi       = {10.1145/1040305.1040334},
	timestamp = {Tue, 06 Nov 2018 11:07:43 +0100},
	biburl    = {https://dblp.org/rec/bib/conf/popl/XieA05},
	bibsource = {dblp computer science bibliography, https://dblp.org}
}

@Article{Havelund2000,
	author="Havelund, Klaus
	and Pressburger, Thomas",
	title="Model checking JAVA programs using JAVA PathFinder",
	journal="International Journal on Software Tools for Technology Transfer",
	year="2000",
	month="Mar",
	day="01",
	volume="2",
	number="4",
	pages="366--381",
	issn="1433-2779",
	doi="10.1007/s100090050043",
	url="https://doi.org/10.1007/s100090050043"
}

@InProceedings{CEGR,
	author="Clarke, Edmund
	and Grumberg, Orna
	and Jha, Somesh
	and Lu, Yuan
	and Veith, Helmut",
	editor="Emerson, E. Allen
	and Sistla, Aravinda Prasad",
	title="Counterexample-Guided Abstraction Refinement ",
	booktitle="Computer Aided Verification",
	year="2000",
	publisher="Springer Berlin Heidelberg",
	address="Berlin, Heidelberg",
	pages="154--169",
	isbn="978-3-540-45047-4"
}

@InProceedings{SLAM,
	author = {Ball, Thomas and Majumdar, Rupak and Millstein, Todd and Rajamani, Sriram K.},
	title = {Automatic Predicate Abstraction of C Programs},
	booktitle = {Proceedings of the ACM SIGPLAN 2001 Conference on Programming Language Design and Implementation},
	series = {PLDI '01},
	year = {2001},
	isbn = {1-58113-414-2},
	location = {Snowbird, Utah, USA},
	pages = {203--213},
	numpages = {11},
	url = {http://doi.acm.org/10.1145/378795.378846},
	doi = {10.1145/378795.378846},
	acmid = {378846},
	publisher = {ACM},
	address = {New York, NY, USA},
}

@InProceedings{Henzinger:2002:LA:503272.503279,
	author = {Henzinger, Thomas A. and Jhala, Ranjit and Majumdar, Rupak and Sutre, Gr{\'e}goire},
	title = {Lazy Abstraction},
	booktitle = {Proceedings of the 29th ACM SIGPLAN-SIGACT Symposium on Principles of Programming Languages},
	series = {POPL '02},
	year = {2002},
	isbn = {1-58113-450-9},
	location = {Portland, Oregon},
	pages = {58--70},
	numpages = {13},
	url = {http://doi.acm.org/10.1145/503272.503279},
	doi = {10.1145/503272.503279},
	acmid = {503279},
	publisher = {ACM},
	address = {New York, NY, USA},
}

@Inproceedings{Chaki:2003:MVS:776816.776863,
	author = {Chaki, Sagar and Clarke, Edmund and Groce, Alex and Jha, Somesh and Veith, Helmut},
	title = {Modular Verification of Software Components in C},
	booktitle = {Proceedings of the 25th International Conference on Software Engineering},
	series = {ICSE '03},
	year = {2003},
	isbn = {0-7695-1877-X},
	location = {Portland, Oregon},
	pages = {385--395},
	numpages = {11},
	url = {http://dl.acm.org/citation.cfm?id=776816.776863},
	acmid = {776863},
	publisher = {IEEE Computer Society},
	address = {Washington, DC, USA},
}

@InProceedings{10.1007/978-3-642-12029-9_19,
	author="Beyer, Dirk
	and Henzinger, Thomas A.
	and Th{\'e}oduloz, Gr{\'e}gory
	and Zufferey, Damien",
	editor="Rosenblum, David S.
	and Taentzer, Gabriele",
	title="Shape Refinement through Explicit Heap Analysis",
	booktitle="Fundamental Approaches to Software Engineering",
	year="2010",
	publisher="Springer Berlin Heidelberg",
	address="Berlin, Heidelberg",
	pages="263--277",
	isbn="978-3-642-12029-9"
}